@INPROCEEDINGS{Blanco-Claraco-RSS-19, 
	AUTHOR    = {Jose Luis Blanco-Claraco}, 
	TITLE     = {A Modular Optimization Framework for Localization and Mapping}, 
	BOOKTITLE = {Proceedings of Robotics: Science and Systems}, 
	YEAR      = {2019}, 
	ADDRESS   = {FreiburgimBreisgau, Germany}, 
	DOI       = {10.15607/RSS.2019.XV.043} 
} 

@article{xu2021fastlio,
	title={FAST-LIO: A Fast, Robust LiDAR-inertial Odometry Package by Tightly-coupled Iterated Kalman Filter},
	author={Xu, Wen and Cai, Jianhao and Ying, Rong and He, Weikun and Shen, Shaojie},
	journal={IEEE Robotics and Automation Letters},
	volume={6},
	pages={7270--7276},
	year={2021},
	publisher={IEEE}
}

@inproceedings{zhang2014loam,
	title={LOAM: Lidar odometry and mapping in real-time.},
	author={Zhang, Ji and Singh, Sanjiv and others},
	booktitle={Robotics: Science and systems},
	volume={2},
	pages={1--9},
	year={2014},
	organization={Berkeley, CA}
}

@inproceedings{kim2018scan,
	title={Scan context: Egocentric spatial descriptor for place recognition within 3d point cloud map},
	author={Kim, Giseop and Kim, Ayoung},
	booktitle={2018 IEEE/RSJ International Conference on Intelligent Robots and Systems (IROS)},
	pages={4802--4809},
	year={2018},
	organization={IEEE}
}
@article{xu2022fast,
	title={Fast-lio2: Fast direct lidar-inertial odometry},
	author={Xu, Wei and Cai, Yixi and He, Dongjiao and Lin, Jiarong and Zhang, Fu},
	journal={IEEE Transactions on Robotics},
	volume={38},
	number={4},
	pages={2053--2073},
	year={2022},
	publisher={IEEE}
}

@ARTICLE{10024300,
	author={Liu, Xiyuan and Liu, Zheng and Kong, Fanze and Zhang, Fu},
	journal={IEEE Robotics and Automation Letters}, 
	title={Large-Scale LiDAR Consistent Mapping Using Hierarchical LiDAR Bundle Adjustment}, 
	year={2023},
	volume={8},
	number={3},
	pages={1523-1530},
	doi={10.1109/LRA.2023.3238902}}

@inproceedings{huang2008analysis,
	title={Analysis and improvement of the consistency of extended Kalman filter based SLAM},
	author={Huang, Guoquan P and Mourikis, Anastasios I and Roumeliotis, Stergios I},
	booktitle={2008 IEEE International Conference on Robotics and Automation},
	pages={473--479},
	year={2008},
	organization={IEEE}
}

@article{dellaert2017factor,
	title={Factor graphs for robot perception},
	author={Dellaert, Frank and Kaess, Michael and others},
	journal={Foundations and Trends{\textregistered} in Robotics},
	volume={6},
	number={1-2},
	pages={1--139},
	year={2017},
	publisher={Now Publishers, Inc.}
}